@article{VinyalsOriol2015ANCM,
year = {2015},
author = {Vinyals, Oriol and Le, Quoc},
copyright = {http://arxiv.org/licenses/nonexclusive-distrib/1.0},
keywords = {Computer Science - Computation and Language},
journal = {arXiv},
language = {eng},
title = {A Neural Conversational Model},
}

@article{Egmont-PetersenM.2002Ipwn,
volume = {35},
year = {2002},
author = {Egmont-Petersen, M. and de Ridder, D. and Handels, H.},
copyright = {2002 Pattern Recognition Society},
issn = {0031-3203},
journal = {Pattern recognition},
keywords = {Digital image processing ; Feature extraction ; Image compression ; Image understanding ; Invariant pattern recognition ; Neural networks ; Object recognition ; Optimization ; Preprocessing ; Segmentation},
language = {eng},
number = {10},
pages = {2279-2301},
publisher = {Elsevier Ltd},
title = {Image processing with neural networks—a review},
}

@article{CollinsEd2017ASAt,
year = {2017},
author = {Collins, Ed and Augenstein, Isabelle and Riedel, Sebastian},
copyright = {http://arxiv.org/licenses/nonexclusive-distrib/1.0},
language = {eng},
journal = {arXiv},
title = {A Supervised Approach to Extractive Summarisation of Scientific Papers},
}

@misc{karpathy_2015, title={The Unreasonable Effectiveness of Recurrent Neural Networks}, url={http://karpathy.github.io/2015/05/21/rnn-effectiveness/}, journal={Github}, author={Karpathy, Andrej}, year={2015}, month={May}} 

@article{BrownTomB2020LMaF,
year = {2020},
author = {Brown, Tom B and Mann, Benjamin and Ryder, Nick and Subbiah, Melanie and Kaplan, Jared and Dhariwal, Prafulla and Neelakantan, Arvind and Shyam, Pranav and Sastry, Girish and Askell, Amanda and Agarwal, Sandhini and Herbert-Voss, Ariel and Krueger, Gretchen and Henighan, Tom and Child, Rewon and Ramesh, Aditya and Ziegler, Daniel M and Wu, Jeffrey and Winter, Clemens and Hesse, Christopher and Chen, Mark and Sigler, Eric and Litwin, Mateusz and Gray, Scott and Chess, Benjamin and Clark, Jack and Berner, Christopher and McCandlish, Sam and Radford, Alec and Sutskever, Ilya and Amodei, Dario},
copyright = {http://arxiv.org/licenses/nonexclusive-distrib/1.0},
keywords = {Computer Science - Computation and Language},
language = {eng},
journal = {arXiv},
title = {Language Models are Few-Shot Learners},
}

@inproceedings{potash-etal-2015-ghostwriter,
    title = "{G}host{W}riter: Using an {LSTM} for Automatic Rap Lyric Generation",
    author = "Potash, Peter  and
      Romanov, Alexey  and
      Rumshisky, Anna",
    booktitle = "Proceedings of the 2015 Conference on Empirical Methods in Natural Language Processing",
    month = sep,
    year = "2015",
    address = "Lisbon, Portugal",
    publisher = "Association for Computational Linguistics",
    url = "https://aclanthology.org/D15-1221",
    doi = "10.18653/v1/D15-1221",
    pages = "1919--1924",
}

@inproceedings{Malmi_2016,
	doi = {10.1145/2939672.2939679},
	url = {https://doi.org/10.1145%2F2939672.2939679},
	year = 2016,
	month = {aug},
	publisher = {{ACM}},
	author = {Eric Malmi and Pyry Takala and Hannu Toivonen and Tapani Raiko and Aristides Gionis},
	title = {{DopeLearning}},
	booktitle = {Proceedings of the 22nd {ACM} {SIGKDD} International Conference on Knowledge Discovery and Data Mining}
}

@incollection{GoncaloOliveiraHugo2014PGwP,
year = {2014},
author = {Goncalo Oliveira, Hugo and Cardoso, Amílcar},
address = {Paris},
booktitle = {Computational Creativity Research: Towards Creative Machines},
copyright = {Atlantis Press and the authors 2015},
isbn = {9789462390843},
issn = {1877-3273},
keywords = {Generation Grammar ; Lexical Resource ; Semantic Constraint ; Semantic Relation ; Sentence Generator},
language = {eng},
pages = {243-266},
publisher = {Atlantis Press},
series = {Atlantis Thinking Machines},
title = {Poetry Generation with PoeTryMe},
}

@misc{Welleck2019Unlikelyhood,
  doi = {10.48550/ARXIV.1908.04319},
  url = {https://arxiv.org/abs/1908.04319},
  author = {Welleck, Sean and Kulikov, Ilia and Roller, Stephen and Dinan, Emily and Cho, Kyunghyun and Weston, Jason},
  keywords = {Machine Learning (cs.LG), Computation and Language (cs.CL), Machine Learning (stat.ML), FOS: Computer and information sciences, FOS: Computer and information sciences},
  title = {Neural Text Generation with Unlikelihood Training},
  publisher = {arXiv},
  year = {2019},
  copyright = {arXiv.org perpetual, non-exclusive license}
}

@article{HoltzmanAri2019TCCo,
year = {2019},
author = {Holtzman, Ari and Buys, Jan and Du, Li and Forbes, Maxwell and Choi, Yejin},
copyright = {http://arxiv.org/licenses/nonexclusive-distrib/1.0},
keywords = {Computer Science - Computation and Language},
language = {eng},
title = {The Curious Case of Neural Text Degeneration},
}

@article{FanAngela2018HNSG,
year = {2018},
author = {Fan, Angela and Lewis, Mike and Dauphin, Yann},
copyright = {http://arxiv.org/licenses/nonexclusive-distrib/1.0},
keywords = {Computer Science - Computation and Language},
language = {eng},
title = {Hierarchical Neural Story Generation},
}

@article{LippiMarco2019NLSF,
volume = {30},
year = {2019},
author = {Lippi, Marco and Montemurro, Marcelo A and Degli Esposti, Mirko and Cristadoro, Giampaolo},
address = {United States},
copyright = {2019. This work is published under http://arxiv.org/licenses/nonexclusive-distrib/1.0/ (the “License”). Notwithstanding the ProQuest Terms and Conditions, you may use this content in accordance with the terms of the License.},
issn = {2162-237X},
journal = {IEEE transaction on neural networks and learning systems},
keywords = {Authorship attribution ; Computer architecture ; Correlation ; Correlation analysis ; Deep learning ; Entropy ; Language ; long short-term memory networks ; long-range correlations ; Markov chains ; Microprocessors ; Natural language ; natural language generation (NLG) ; Natural languages ; Process parameters ; Rangefinding ; Speech recognition ; Texts ; Training},
language = {eng},
number = {11},
pages = {3326-3337},
publisher = {IEEE},
title = {Natural Language Statistical Features of LSTM-Generated Texts},
}

@article{PotashPeter2016ECLG,
year = {2016},
author = {Potash, Peter and Romanov, Alexey and Rumshisky, Anna},
copyright = {http://arxiv.org/licenses/nonexclusive-distrib/1.0},
keywords = {Computer Science - Computation and Language},
language = {eng},
title = {Evaluating Creative Language Generation: The Case of Rap Lyric Ghostwriting},
}

@article{LambCarolyn2018ECCA,
volume = {51},
year = {2018},
author = {Lamb, Carolyn and Brown, Daniel and Clarke, Charles},
address = {Baltimore},
copyright = {Copyright Association for Computing Machinery Jun 2018},
issn = {0360-0300},
journal = {ACM computing surveys},
keywords = {Computation ; Computational aesthetics ; computational creativity ; Creativity ; digital art ; Interdisciplinary aspects ; Psychological aspects ; Psychology ; Software ; Studies},
language = {eng},
number = {2},
pages = {1-34},
publisher = {ACM},
title = {Evaluating Computational Creativity: An Interdisciplinary Tutorial},
}

@inproceedings{goncalo-oliveira-2017-survey,
    title = "A Survey on Intelligent Poetry Generation: Languages, Features, Techniques, Reutilisation and Evaluation",
    author = "Gon{\c{c}}alo Oliveira, Hugo",
    booktitle = "Proceedings of the 10th International Conference on Natural Language Generation",
    month = sep,
    year = "2017",
    address = "Santiago de Compostela, Spain",
    publisher = "Association for Computational Linguistics",
    url = "https://aclanthology.org/W17-3502",
    doi = "10.18653/v1/W17-3502",
    pages = "11--20",
}

@article{KingmaDiederikP2014AAMf,
year = {2014},
author = {Kingma, Diederik P and Ba, Jimmy},
copyright = {http://arxiv.org/licenses/nonexclusive-distrib/1.0},
keywords = {Computer Science - Learning},
language = {eng},
title = {Adam: A Method for Stochastic Optimization},
}

@article{PaulusRomain2017ADRM,
year = {2017},
author = {Paulus, Romain and Xiong, Caiming and Socher, Richard},
copyright = {http://arxiv.org/licenses/nonexclusive-distrib/1.0},
keywords = {Computer Science - Computation and Language},
language = {eng},
title = {A Deep Reinforced Model for Abstractive Summarization},
}

@misc{Klein2017OpenNMT,
  doi = {10.48550/ARXIV.1701.02810},
  url = {https://arxiv.org/abs/1701.02810},
  author = {Klein, Guillaume and Kim, Yoon and Deng, Yuntian and Senellart, Jean and Rush, Alexander M.},
  keywords = {Computation and Language (cs.CL), Artificial Intelligence (cs.AI), Neural and Evolutionary Computing (cs.NE), FOS: Computer and information sciences, FOS: Computer and information sciences},
  title = {OpenNMT: Open-Source Toolkit for Neural Machine Translation},
  publisher = {arXiv},
  year = {2017},
  copyright = {arXiv.org perpetual, non-exclusive license}
}

@misc{DeepDream2015, url={https://deepdreamgenerator.com}, journal={Deep Dream Generator}, author={Aifnet, Ltd},
year={2015},
title = {DeepDream Generator}
}

@article{ZhangTianyi2019BETG,
year = {2019},
author = {Zhang, Tianyi and Kishore, Varsha and Wu, Felix and Weinberger, Kilian Q and Artzi, Yoav},
copyright = {http://arxiv.org/licenses/nonexclusive-distrib/1.0},
keywords = {Computer Science - Computation and Language},
language = {eng},
title = {BERTScore: Evaluating Text Generation with BERT},
}

@article{VaswaniAshish2017AIAY,
year = {2017},
author = {Vaswani, Ashish and Shazeer, Noam and Parmar, Niki and Uszkoreit, Jakob and Jones, Llion and Gomez, Aidan N and Kaiser, Lukasz and Polosukhin, Illia},
copyright = {http://arxiv.org/licenses/nonexclusive-distrib/1.0},
language = {eng},
title = {Attention Is All You Need},
}

@inproceedings{Goncalo2012PoeTryMe,
author = {Goncalo Oliveira, Hugo},
year = {2012},
month = {08},
pages = {},
title = {PoeTryMe: a versatile platform for poetry generation},
volume = {1, article 21}
}

@misc{WikiText2016,
  doi = {10.48550/ARXIV.1609.07843},
  url = {https://arxiv.org/abs/1609.07843},
  author = {Merity, Stephen and Xiong, Caiming and Bradbury, James and Socher, Richard},
  keywords = {Computation and Language (cs.CL), Artificial Intelligence (cs.AI), FOS: Computer and information sciences, FOS: Computer and information sciences},
  title = {Pointer Sentinel Mixture Models},
  publisher = {arXiv},
  year = {2016},
  copyright = {arXiv.org perpetual, non-exclusive license}
}

@misc{EminemYTShortRapGod,
        title = {Eminem : i wrote rap god in six minutes},
        date = {2022},
        organization = {Youtube},
        author = {Eminem Studios},
        url = {https://www.youtube.com/shorts/zSVNny7fyAE},
        note = {Accessed: 10-09-2022}
}

@misc{RapBars2022,
    title = {What Is A 'Bar' In Rap? Hip-Hop Bars Explained},
    url= {https://pinkwafer.club/2022/04/11/what-is-a-bar-in-rap/},
    author = {Michael Sandford},
    year = {2022},
    month = {September},
    organization = {Pink Wafer},
    note = {Accessed: 12-09-2022}
    }
    
@misc{RapAnalysis2014,
    title = {How To Listen Musically To Rap},
    url= {https://www.rapanalysis.com/2012/09/rap-analysis-14-how-to-listen-musically/},
    author = {Martin Connor},
    year = {2015},
    month = {January},
    note = {Accessed: 12-09-2022}
    }
